<?xml version="1.0" encoding="UTF-8"?><collection xmlns="http://www.loc.gov/MARC21/slim"><record><leader>00545nam--2200157-i-4500</leader><controlfield tag="001">000014258</controlfield><controlfield tag="002">20161230</controlfield><controlfield tag="005">20161230201030</controlfield><controlfield tag="008">060222s1000------------r-----000-0-eng-d</controlfield><datafield ind1=" " ind2=" " tag="080"><subfield code="a">517.957</subfield></datafield><datafield ind1=" " ind2=" " tag="100"><subfield code="a">Calogero,Francesco And Degasperis,Antonio</subfield></datafield><datafield ind1=" " ind2=" " tag="245"><subfield code="a">Spectral transform and solitons:tools to solve and investigate nonlinear evolution equations</subfield></datafield><datafield ind1=" " ind2=" " tag="260"><subfield code="a">Amsterdam,North-holland Publishing Company, 1982. Xv + 516 P</subfield></datafield><datafield ind1=" " ind2=" " tag="490"><subfield code="a">Studies In Mathematics And Its Applications</subfield><subfield code="v">vol.13</subfield></datafield><datafield ind1=" " ind2=" " tag="852"><subfield code="a">46658</subfield></datafield><datafield ind1=" " ind2=" " tag="CAT"><subfield code="a">Sys</subfield><subfield code="c">20081217</subfield><subfield code="h">084643</subfield></datafield></record></collection>